@inproceedings{DBLP:conf/ifl/VriesPA07,
  author    = {Edsko de Vries and
               Rinus Plasmeijer and
               David M. Abrahamson},
  title     = {Uniqueness Typing Simplified},
  booktitle = {{IFL}},
  series    = {Lecture Notes in Computer Science},
  volume    = {5083},
  pages     = {201--218},
  publisher = {Springer},
  year      = {2007}
}

@inproceedings{DBLP:conf/birthday/Vries13,
  author    = {Edsko de Vries},
  title     = {Modelling Unique and Affine Typing Using Polymorphism},
  booktitle = {The Beauty of Functional Code},
  series    = {Lecture Notes in Computer Science},
  volume    = {8106},
  pages     = {181--192},
  publisher = {Springer},
  year      = {2013}
}
